@BOOK{Sebesta,
    author = {Robert W. Sebesta},
    edition = {11. ed.},
    publisher = {Pearson},
    title = {Concepts of Programming Languages},
    year = {2016}
}

@BOOK{Sipser,
    author = {Michael Sipser},
    edition = {3rd ed.},
    publisher = {CENGAGE Learning},
    title = {Introduction to the Theory of Computation},
    year = {2013}
}

@book{Dragon,
    Author = {Alfred V. Aho and Ravi Sethi and Jeffrey D. Ullman},
    edition = {1st ed.},
    title = {Compilers: Principles, Techniques, and Tools},
    publisher = {Addison Wesley},
    year = {1986}
}

@book{CraftinfACompiler,
    title =     {Crafting A Compiler},
    author =    {Charles N. Fischer and Ron K. Cytron and Richard J. LeBlanc},
    publisher = {Addison Wesley},
    year =      {2009},
    edition =   {1}
}

@article{PilenVedTraeetsRod,
    author = {Hans Hyttel},
    year = {2018},
    month = {03},
    pages = {},
    title = {Pilen ved traeets rod}
}

@article{BeginningArduino,
    author = {Brian Evans},
    year = {2018},
    month = {03},
    pages = {},
    title = {Beginning Arduino Programming}
}

@online{EP1206886A2,
    author = {Claudio Bonassi and Pierangelo Colombo and Alberto Federico Giua and Michael Hauptman},
    title = {Home automation system},
    year = 2001,
    url = {https://patents.google.com/patent/EP1260886A2},
    note = {Accessed: 2018-03-06}
}

@book{SmartHomeSystems,
   title =     {Smart Home Systems, Mahmoud A. Al-Qutayri (Ed.)},
   author =    {P. Lalanda, J. Bourcier, J. Bardin and S. Chollet},
   publisher = {InTech},
   year =      {2010},
   edition =   {1}
}

@book{TheDefinitiveANTLER4Reference,
   title =     {The Definitive ANTLR 4 Reference, 2nd Edition},
   author =    {Terence Parr},
   publisher = {Pragmatic Bookshelf},
   isbn =      {978-1934356999},
   year =      {2013},
   edition =   {2nd}
}

@misc{RaspberryPi3ModelB,
    title = {{RaspberryPi.dk} Raspberry Pi 3 model B},
    howpublished = {\url{https://raspberrypi.dk/produkt/raspberry-pi-3-model-b-1gb-ram/}},
    note = {Accessed: 2018-04-18}
}

@misc{ArduinoUnoR3,
    title = {{Arduino.cc} Arduino Uno R3},
    howpublished = {\url{https://store.arduino.cc/arduino-uno-rev3}},
    note = {Accessed: 2018-03-08}
}

@misc{IntelGalileo,
    title = {{Arduino.cc} Intel Galileo},
    howpublished = {\url{https://www.arduino.cc/en/ArduinoCertified/IntelGalileo}},
    note = {Accessed: 2018-04-18}
}

@misc{MicroBit,
    title = {{MicroBit.org} MicroBit Hardware},
    howpublished = {\url{http://tech.microbit.org/hardware/}},
    note = {Accessed: 2018-04-18}
}

@misc{FiveCommonArduinoMistakes,
    title = {{BaldEngineer.com} 5 Common Arduino Programming Mistakes},
    howpublished = {\url{https://www.baldengineer.com/5-common-arduino-programming-mistakes.html}},
    note = {Accessed: 2018-03-09}
}

@techreport{ISOIEC14977,
    type = {Standard},
    key = {ISO 14977:1996(E)},
    month = mar,
    year = {1996},
    title = {{Information technology - Syntactic metalanguage - Extended BNF}},
    volume = {1996},
    institution = {International Organization for Standardization}
}

@misc{ProgrammingParadigmsForDummies,
    title = {{Peter Van Roy} Programming Paradigms for Dummies: What Every Programmer Should Know},
    howpublished = {\url{https://www.info.ucl.ac.be/~pvr/VanRoyChapter.pdf}},
    note = {Accessed: 2018-03-14}
}

@misc{ProgrammingParadigmsKurtNormark,
    title = {{Kurt NÃ¸rmark} Overview of the four main programming paradigms},
    howpublished = {\url{http://people.cs.aau.dk/~normark/prog3-03/html/notes/paradigms_themes-paradigm-overview-section.html\#paradigms_paradigm-overview-section_section-title_1}},
    note = {Accessed: 2018-03-14}
}

@misc{FunctionProgrammingVsImperativeProgramming,
    title = {{Microsoft} Functional Programming vs. Imperative Programming (C\#)},
    howpublished = {\url{https://docs.microsoft.com/en-us/dotnet/csharp/programming-guide/concepts/linq/functional-programming-vs-imperative-programming}},
    note = {Accessed: 2018-03-14}
}

@book{LearnComputerScienceWithSwift,
   title =     {Learn Computer Science with Swift},
   author =    {Jesse Feiler},
   publisher = {Apress},
   isbn =      {978-1-4842-3066-4},
   year =      {2018},
   edition =   {1st}
}

@misc{ProgrammingParadigmsDefinition,
    title = {{Ray Toal} Programming Paradigms},
    howpublished = {\url{http://cs.lmu.edu/~ray/notes/paradigms/}},
    note = {Accessed: 2018-03-14}
}

@misc{ArduinoLanguage,
  title = {Facts about Arduino language},
  howpublished = {\url{https://www.arduino.cc/en/Main/FAQ}},
  note = {Accessed: 2018-03-19}
}

@article{BenefitsAndRisksOfSmartHomeTechnologies,
    author = {Richard Hauxwell-Baldwin and Tom Hargreaves and Charlie Wilson},
    year = {2017},
    month = {01},
    pages = {},
    title = {Benefits and Risks of Smart Home Technologies}
}

@article{AdaptiveLL(*),
    author = {Kathleen fisher and Sam Harwell and Terence Parr},
    year = {2014},
    month = {03},
    pages = {19},
    title = {Adaptive LL(*) Parsing: The Power of Dynamic Analysis}
}

@misc{TheHobbyistRenaissance,
    title = {{IEEE Spectrum} The Hobbyist Renaissance},
    howpublished = {\url{https://spectrum.ieee.org/consumer-electronics/gadgets/the-hobbyist-renaissance}},
    note = {Accessed: 2018-04-20}
}


@misc{javaspecs,
    title = {{Java Language Specification}},
    howpublished = {\url{https://docs.oracle.com/javase/specs/jls/se7/html/jls-4.html}},
    note = {Accessed: 2018-05-01}
}

@misc{ArduinoBuildProcess,
    title = {Arduino Build Process},
    howpublished = {\url{https://github.com/arduino/arduino/wiki/build-process}},
    note = {Accessed: 2018-05-23}
}